<?xml version="1.0" encoding="UTF-8"?><collection xmlns="http://www.loc.gov/MARC21/slim"><record><leader>00380nam--2200121-i-4500</leader><controlfield tag="001">000031220</controlfield><controlfield tag="002">20161230</controlfield><controlfield tag="005">20161230201038</controlfield><controlfield tag="008">060222s1000------------r-----000-0-eng-d</controlfield><datafield ind1=" " ind2=" " tag="100"><subfield code="a">Marley, W.G</subfield></datafield><datafield ind1=" " ind2=" " tag="245"><subfield code="a">Dolphin, g.w</subfield></datafield><datafield ind1=" " ind2=" " tag="260"><subfield code="a">Risk Evaluation In Relation To The Protection Of The Public In The Event Of Accidents At Nuclear Installations</subfield></datafield><datafield ind1=" " ind2=" " tag="490"><subfield code="a">Harwell, U.K.A.E.A., 1969. 21p</subfield></datafield></record></collection>